@article{williams2016wire,
  title={Wire arc additive manufacturing},
  author={Williams, Stewart W and Martina, Filomeno and Addison, Adrian C and Ding, Jialuo and Pardal, Goncalo and Colegrove, P},
  journal={Materials science and technology},
  volume={32},
  number={7},
  pages={641--647},
  year={2016},
  publisher={Taylor \& Francis}
}

@article{wu2018review,
  title={A review of the wire arc additive manufacturing of metals: properties, defects and quality improvement},
  author={Wu, Bintao and Pan, Zengxi and Ding, Donghong and Cuiuri, Dominic and Li, Huijun and Xu, Jing and Norrish, John},
  journal={Journal of manufacturing processes},
  volume={35},
  pages={127--139},
  year={2018},
  publisher={Elsevier}
}

@article{ding2015wire,
  title={Wire-feed additive manufacturing of metal components: technologies, developments and future interests},
  author={Ding, Donghong and Pan, Zengxi and Cuiuri, Dominic and Li, Huijun},
  journal={The International Journal of Advanced Manufacturing Technology},
  volume={81},
  pages={465--481},
  year={2015},
  publisher={Springer}
}

@book{gibson2021additive,
  title={Additive manufacturing technologies},
  author={Gibson, Ian and Rosen, David W and Stucker, Brent and Khorasani, Mahyar and Rosen, David and Stucker, Brent and Khorasani, Mahyar},
  volume={17},
  year={2021},
  publisher={Springer}
}

@article{srinivas2017critical,
  title={A critical review on recent research methodologies in additive manufacturing},
  author={Srinivas, M and Babu, B Sridhar},
  journal={Materials Today: Proceedings},
  volume={4},
  number={8},
  pages={9049--9059},
  year={2017},
  publisher={Elsevier}
}

@article{treutler2021current,
  title={The current state of research of wire arc additive manufacturing (WAAM): a review},
  author={Treutler, Kai and Wesling, Volker},
  journal={Applied Sciences},
  volume={11},
  number={18},
  pages={8619},
  year={2021},
  publisher={MDPI}
}

@article{vafadar2021advances,
  title={Advances in metal additive manufacturing: a review of common processes, industrial applications, and current challenges},
  author={Vafadar, Ana and Guzzomi, Ferdinando and Rassau, Alexander and Hayward, Kevin},
  journal={Applied Sciences},
  volume={11},
  number={3},
  pages={1213},
  year={2021},
  publisher={MDPI}
}

@article{oliveira2020revisiting,
  title={Revisiting fundamental welding concepts to improve additive manufacturing: From theory to practice},
  author={Oliveira, JP and Santos, TG and Miranda, RM},
  journal={Progress in Materials Science},
  volume={107},
  pages={100590},
  year={2020},
  publisher={Elsevier}
}

@article{feldmann20193d,
  title={3D-Drucken im Stahlbau mit dem automatisierten Wire Arc Additive Manufacturing},
  author={Feldmann, Markus and K{\"u}hne, Ronny and Citarelli, Sandro and Reisgen, Uwe and Sharma, Rahul and Oster, Lukas},
  journal={Stahlbau},
  volume={88},
  number={3},
  pages={203--213},
  year={2019},
  publisher={Wiley Online Library}
}

@article{pan2018arc,
  title={Arc welding processes for additive manufacturing: a review},
  author={Pan, Zengxi and Ding, Donghong and Wu, Bintao and Cuiuri, Dominic and Li, Huijun and Norrish, John},
  journal={Transactions on Intelligent Welding Manufacturing: Volume I No. 1 2017},
  pages={3--24},
  year={2018},
  publisher={Springer}
}

@article{azadi2017simultaneous,
  title={Simultaneous optimization of joint edge geometry and process parameters in gas metal arc welding using integrated ANN-PSO approach},
  author={Azadi Moghaddam, Masoud and Golmezerji, Reza and Kolahan, Farhad},
  journal={Scientia Iranica},
  volume={24},
  number={1},
  pages={260--273},
  year={2017},
  publisher={Sharif University of Technology}
}

@article{hoye2015characterisation,
  title={Characterisation of Ti-6Al-4V deposits produced by arc-wire based additive manufacture},
  author={Hoye, Nicholas},
  year={2015}
}

@article{geng2017optimization,
  title={Optimization of wire feed for GTAW based additive manufacturing},
  author={Geng, Haibin and Li, Jinglong and Xiong, Jiangtao and Lin, Xin and Zhang, Fusheng},
  journal={Journal of Materials Processing Technology},
  volume={243},
  pages={40--47},
  year={2017},
  publisher={Elsevier}
}

@article{aiyiti2006investigation,
  title={Investigation of the overlapping parameters of MPAW-based rapid prototyping},
  author={Aiyiti, Wurikaixi and Zhao, Wanhua and Lu, Bingheng and Tang, Yiping},
  journal={Rapid Prototyping Journal},
  volume={12},
  number={3},
  pages={165--172},
  year={2006},
  publisher={Emerald Group Publishing Limited}
}

@article{ding2016bead,
  title={Bead modelling and implementation of adaptive MAT path in wire and arc additive manufacturing},
  author={Ding, Donghong and Pan, Zengxi and Cuiuri, Dominic and Li, Huijun and Van Duin, Stephen and Larkin, Nathan},
  journal={Robotics and Computer-Integrated Manufacturing},
  volume={39},
  pages={32--42},
  year={2016},
  publisher={Elsevier}
}

@book{ozcelik2003modeling,
  title={Modeling, sensing and control of gas metal arc welding},
  author={Ozcelik, Selahattin and Moore, K},
  year={2003},
  publisher={Elsevier}
}

@article{srivastava2023wire,
  title={Wire arc additive manufacturing of metals: A review on processes, materials and their behaviour},
  author={Srivastava, Manu and Rathee, Sandeep and Tiwari, Ankit and Dongre, Mehul},
  journal={Materials Chemistry and Physics},
  volume={294},
  pages={126988},
  year={2023},
  publisher={Elsevier}
}

@article{cao2011overlapping,
  title={Overlapping model of beads and curve fitting of bead section for rapid manufacturing by robotic MAG welding process},
  author={Cao, Yong and Zhu, Sheng and Liang, Xiubing and Wang, Wanglong},
  journal={Robotics and computer-integrated manufacturing},
  volume={27},
  number={3},
  pages={641--645},
  year={2011},
  publisher={Elsevier}
}

@book{alpaydin2020introduction,
  title={Introduction to machine learning},
  author={Alpaydin, Ethem},
  year={2020},
  publisher={MIT press}
}

@inproceedings{minsky1969perceptrons,
  title={Perceptrons: Computational Geometry},
  author={Minsky, M and Papert, S},
  booktitle={MITPress. 228 Conference on Discovery Science (DS 2002), LNCS},
  volume={2534},
  pages={141},
  year={1969}
}

@incollection{hecht1992theory,
  title={Theory of the backpropagation neural network},
  author={Hecht-Nielsen, Robert},
  booktitle={Neural networks for perception},
  pages={65--93},
  year={1992},
  publisher={Elsevier}
}

@inproceedings{bendia2021multivariable,
  title={Multivariable closed-loop control for layer geometry in Wire Arc Additive Manufacturing},
  author={Bendia, Rafael M and Lizarralde, Fernando and Coutinho, Fernando G},
  booktitle={Simp{\'o}sio Brasileiro de Automa{\c{c}}{\~a}o Inteligente-SBAI},
  volume={1},
  number={1},
  year={2021}
}

@inproceedings{novais2023adaptative,
  title={Adaptative Control of bead width in CMT welding process for Additive Manufacturing},
  author={Novais, Igor and Mendes, Marcel and Lizarralde, Fernando and Costa, Ramon R},
  booktitle={Simp{\'o}sio Brasileiro de Automa{\c{c}}{\~a}o Inteligente-SBAI},
  volume={1},
  number={1},
  year={2023}
}

@article{rios2018analytical,
  title={Analytical process model for wire+ arc additive manufacturing},
  author={R{\'\i}os, Sergio and Colegrove, Paul A and Martina, Filomeno and Williams, Stewart W},
  journal={Additive Manufacturing},
  volume={21},
  pages={651--657},
  year={2018},
  publisher={Elsevier}
}

@article{o2015introduction,
  title={An introduction to convolutional neural networks},
  author={O'Shea, Keiron and Nash, Ryan},
  journal={arXiv preprint arXiv:1511.08458},
  year={2015}
}

@article{anwar2018medical,
  title={Medical image analysis using convolutional neural networks: a review},
  author={Anwar, Syed Muhammad and Majid, Muhammad and Qayyum, Adnan and Awais, Muhammad and Alnowami, Majdi and Khan, Muhammad Khurram},
  journal={Journal of medical systems},
  volume={42},
  pages={1--13},
  year={2018},
  publisher={Springer}
}

@article{odena2016deconvolution,
  author = {Odena, Augustus and Dumoulin, Vincent and Olah, Chris},
  title = {Deconvolution and Checkerboard Artifacts},
  journal = {Distill},
  year = {2016},
  url = {http://distill.pub/2016/deconv-checkerboard},
  doi = {10.23915/distill.00003}
}

@misc{tensorflow2015,
title={ {TensorFlow}: Large-Scale Machine Learning on Heterogeneous Systems},
url={https://www.tensorflow.org/},
note={Software available from tensorflow.org},
author={
    Mart\'{\i}n~Abadi and
    Ashish~Agarwal and
    Paul~Barham and
    Eugene~Brevdo and
    Zhifeng~Chen and
    Craig~Citro and
    Greg~S.~Corrado and
    Andy~Davis and
    Jeffrey~Dean and
    Matthieu~Devin and
    Sanjay~Ghemawat and
    Ian~Goodfellow and
    Andrew~Harp and
    Geoffrey~Irving and
    Michael~Isard and
    Yangqing Jia and
    Rafal~Jozefowicz and
    Lukasz~Kaiser and
    Manjunath~Kudlur and
    Josh~Levenberg and
    Dandelion~Man\'{e} and
    Rajat~Monga and
    Sherry~Moore and
    Derek~Murray and
    Chris~Olah and
    Mike~Schuster and
    Jonathon~Shlens and
    Benoit~Steiner and
    Ilya~Sutskever and
    Kunal~Talwar and
    Paul~Tucker and
    Vincent~Vanhoucke and
    Vijay~Vasudevan and
    Fernanda~Vi\'{e}gas and
    Oriol~Vinyals and
    Pete~Warden and
    Martin~Wattenberg and
    Martin~Wicke and
    Yuan~Yu and
    Xiaoqiang~Zheng},
  year={2015},
}

@article{yu2019review,
  title={A review of recurrent neural networks: LSTM cells and network architectures},
  author={Yu, Yong and Si, Xiaosheng and Hu, Changhua and Zhang, Jianxun},
  journal={Neural computation},
  volume={31},
  number={7},
  pages={1235--1270},
  year={2019},
  publisher={MIT Press One Rogers Street, Cambridge, MA 02142-1209, USA journals-info~â€¦}
}

@article{hochreiter1997long,
  title={Long short-term memory},
  author={Hochreiter, Sepp and Schmidhuber, J{\"u}rgen},
  journal={Neural computation},
  volume={9},
  number={8},
  pages={1735--1780},
  year={1997},
  publisher={MIT press}
}

@article{deflorian2011design,
  title={Design of experiments for nonlinear dynamic system identification},
  author={Deflorian, Michael and Zaglauer, Susanne},
  journal={IFAC Proceedings Volumes},
  volume={44},
  number={1},
  pages={13179--13184},
  year={2011},
  publisher={Elsevier}
}

@article{miriyala2020deep,
  title={Deep learning based system identification of industrial integrated grinding circuits},
  author={Miriyala, Srinivas Soumitri and Mitra, Kishalay},
  journal={Powder Technology},
  volume={360},
  pages={921--936},
  year={2020},
  publisher={Elsevier}
}

@article{kingma2014adam,
  title={Adam: A method for stochastic optimization},
  author={Kingma, Diederik P and Ba, Jimmy},
  journal={arXiv preprint arXiv:1412.6980},
  year={2014}
}

@article{han2013nonlinear,
  title={Nonlinear model-predictive control for industrial processes: An application to wastewater treatment process},
  author={Han, Honggui and Qiao, Junfei},
  journal={IEEE Transactions on Industrial Electronics},
  volume={61},
  number={4},
  pages={1970--1982},
  year={2013},
  publisher={IEEE}
}

@article{yan2022lstm,
  title={LSTM-Based Model Predictive Control of Piezoelectric Motion Stages for High-Speed Autofocus},
  author={Yan, Jingyang and DiMeo, Peter and Sun, Lu and Du, Xian},
  journal={IEEE Transactions on Industrial Electronics},
  volume={70},
  number={6},
  pages={6209--6218},
  year={2022},
  publisher={IEEE}
}
@article{patan2014neural,
  title={Neural network-based model predictive control: Fault tolerance and stability},
  author={Patan, Krzysztof},
  journal={IEEE Transactions on Control Systems Technology},
  volume={23},
  number={3},
  pages={1147--1155},
  year={2014},
  publisher={IEEE}
}

@article{lillicrap2019backpropagation,
  title={Backpropagation through time and the brain},
  author={Lillicrap, Timothy P and Santoro, Adam},
  journal={Current opinion in neurobiology},
  volume={55},
  pages={82--89},
  year={2019},
  publisher={Elsevier}
}

@article{shapiro1965analysis,
  title={An analysis of variance test for normality (complete samples)},
  author={Shapiro, Samuel Sanford and Wilk, Martin B},
  journal={Biometrika},
  volume={52},
  number={3/4},
  pages={591--611},
  year={1965},
  publisher={JSTOR}
}

@article{graves2012long,
  title={Long short-term memory},
  author={Graves, Alex and Graves, Alex},
  journal={Supervised sequence labelling with recurrent neural networks},
  pages={37--45},
  year={2012},
  publisher={Springer}
}